@misc{noauthor_pensions_2009,
  doi = {10.1787/227444006716},
  url = {https://doi.org/10.1787/227444006716},
  year  = {2009},
  month = {jan},
  publisher = {Organisation for Economic Co-Operation and Development  ({OECD})},
  title = {Pensions in Africa}
}

@online{hyperledger,
  title = {Hyperledger {A Business Blockchain Frameworks and Tools Hosted by Hyperledger}},
  url = {https://www.hyperledger.org},
  urldate = {2018-02-14}
}

@online{stellar,
  title = {Stellar {Move Money Across Borders Quickly, Reliably, And For Fractions Of A Penny}},
  url = {https://www.stellar.org},
  urldate = {2018-02-14}
}

@online{cordano,
  title = {Cordano {decentralised public blockchain and cryptocurrency project }},
  url = {https://www.cardano.org/en/home/},
  urldate = {2018-02-14}
}

@book{zweifel_insurance_2012,
	location = {Heidelberg},
	title = {Insurance Economics},
	isbn = {978-3-642-20547-7},
	series = {Springer Texts in Business and Economics},
	pagetotal = {451},
	publisher = {Springer},
	author = {Zweifel, Peter and Eisen, Roland},
	date = {2012},
	keywords = {Finance, Insurance, Insurance companies}
}

@book{noauthor_universal_2017,
	location = {Geneva},
	title = {Universal social protection to achieve the sustainable development goals},
	isbn = {978-92-2-130015-1 978-92-2-130016-8 978-92-2-130021-2 978-92-2-130022-9},
	series = {World social protection report},
	pagetotal = {431},
	number = {2017/19},
	publisher = {International Labour Office},
	date = {2017},
	file = {2017 - Universal social protection to achieve the sustain.pdf:C\:\\Users\\fabia\\Zotero\\storage\\KA4M9PHW\\2017 - Universal social protection to achieve the sustain.pdf:application/pdf}
}

@online{gdpr,
  author = {MultiMedia LLC},
  title = {{GDPR Info} General Data Protection Regulation},
  year = 2018,
  url = {https://gdpr-info.eu/},
  urldate = {2018-02-14}
}

@online{inflation,
  author = {European Central Bank},
  title = {What is Inflation?},
  year = 2019,
  url = {https://www.ecb.europa.eu/ecb/educational/hicp/html/index.de.html},
  urldate = {2019-03-01}
}

@misc{nakamoto2012bitcoin,
  added-at = {2014-04-17T08:33:06.000+0200},
  author = {Nakamoto, Satoshi},
  biburl = {https://www.bibsonomy.org/bibtex/23db66df0fc9fa2b5033f096a901f1c36/ngnn},
  interhash = {423c2cdff70ba0cd0bca55ebb164d770},
  intrahash = {3db66df0fc9fa2b5033f096a901f1c36},
  keywords = {imported},
  timestamp = {2014-04-17T08:33:06.000+0200},
  title = {Bitcoin: A peer-to-peer electronic cash system},
  url = {http://www.bitcoin.org/bitcoin.pdf},
  year = 2009
}

@misc{buterin2013whitepaper,
  author = {Vitalik Buterin},
  title = {Ethereum: A Next-Generation Smart Contract and Decentralized Application Platform},
  howpublished = "\url{https://github.com/ethereum/wiki/wiki/White-Paper}",
  year = {2013}
}