@misc{none,
  url = {https://example.com},
  year  = {2019},
  month = {Jan},
  publisher = {Asure.Network)},
  title = {{Pensions in Africa}}
}
