@online{safemath,
  title = {{OpenZeppelin Documentation - SafeMath}},
  url = {https://docs.openzeppelin.com/contracts/2.x/api/math},
  urldate = {2019-08-14}
}

@online{fixedpointnumbers,
  title = {{Solidity Documentation - Fixed Point Numbers}},
  url = {https://solidity.readthedocs.io/en/v0.5.3/types.html#fixed-point-numbers},
  urldate = {2019-08-14}
}

@online{raf,
  title = {{Rentenformel - Retenartfaktor}},
  url = {https://de.wikipedia.org/wiki/Rentenformel#Rentenartfaktor_(RAF)},
  urldate = {2019-08-14}
}